<record><leader>00000cas a2200000 a 4500</leader><controlfield tag="001">10547195</controlfield><controlfield tag="008">840321d18971900ksuwr ne      0   a0eng d</controlfield><datafield ind1=" " ind2=" " tag="010"><subfield code="a">sn 83041040 </subfield></datafield><datafield ind1=" " ind2=" " tag="040"><subfield code="a">KSH</subfield><subfield code="b">eng</subfield><subfield code="c">KSH</subfield><subfield code="d">NPT</subfield><subfield code="d">OCL</subfield><subfield code="d">OCLCQ</subfield></datafield><datafield ind1=" " ind2=" " tag="042"><subfield code="a">msc</subfield></datafield><datafield ind1=" " ind2=" " tag="043"><subfield code="a">n-us-ks</subfield></datafield><datafield ind1="0" ind2="0" tag="245"><subfield code="a">Weir weekly tribune.</subfield></datafield><datafield ind1=" " ind2=" " tag="260"><subfield code="a">Weir City, Kan. :</subfield><subfield code="b">Horace Hayden,</subfield><subfield code="c">1897-1900.</subfield></datafield><datafield ind1=" " ind2=" " tag="300"><subfield code="a">4 v. :</subfield><subfield code="b">ill. ;</subfield><subfield code="c">49 cm.</subfield></datafield><datafield ind1=" " ind2=" " tag="310"><subfield code="a">Weekly</subfield></datafield><datafield ind1="0" ind2=" " tag="362"><subfield code="a">Vol. 14, no. 13 (Oct. 8, 1897)-v. 16, no. 37 (June 1, 1900).</subfield></datafield><datafield ind1=" " ind2=" " tag="752"><subfield code="a">United States</subfield><subfield code="b">Kansas</subfield><subfield code="c">Cherokee</subfield><subfield code="d">Weir.</subfield></datafield><datafield ind1="0" ind2="0" tag="780"><subfield code="t">Weir City semi-weekly tribune</subfield><subfield code="w">(DLC)sn 84029138</subfield></datafield><datafield ind1="0" ind2="5" tag="780"><subfield code="t">Weir daily tribune</subfield><subfield code="g">Sept. 1898</subfield><subfield code="w">(DLC)sn 83041047</subfield></datafield><datafield ind1="0" ind2="0" tag="785"><subfield code="t">Weir City tribune (Weir, Kan. : 1900)</subfield><subfield code="w">(DLC)sn 83041079</subfield></datafield></record>